@article{kawarabayashi2019improved,
  title={Improved Distributed Approximation to Maximum Independent Set},
  author={Kawarabayashi, Ken-ichi and Khoury, Seri and Schild, Aaron and Schwartzman, Gregory},
  journal={arXiv preprint arXiv:1906.11524},
  year={2019}
}
@article{efron2020beyond,
  title={Beyond Alice and Bob: Improved Inapproximability for Maximum Independent Set in CONGEST},
  author={Efron, Yuval and Grossman, Ofer and Khoury, Seri},
  journal={arXiv preprint arXiv:2003.07427},
  year={2020}
}
@article{censor2017quadratic,
  title={Quadratic and near-quadratic lower bounds for the CONGEST model},
  author={Censor-Hillel, Keren and Khoury, Seri and Paz, Ami},
  journal={arXiv preprint arXiv:1705.05646},
  year={2017}
}
@inproceedings{fischer2018possibilities,
  title={Possibilities and impossibilities for distributed subgraph detection},
  author={Fischer, Orr and Gonen, Tzlil and Kuhn, Fabian and Oshman, Rotem},
  booktitle={Proceedings of the 30th on Symposium on Parallelism in Algorithms and Architectures},
  pages={153--162},
  year={2018}
}
@article{czumaj2020detecting,
  title={Detecting cliques in CONGEST networks},
  author={Czumaj, Artur and Konrad, Christian},
  journal={Distributed Computing},
  volume={33},
  number={6},
  pages={533--543},
  year={2020},
  publisher={Springer}
}
@article{kalyanasundaram1992probabilistic,
  title={The probabilistic communication complexity of set intersection},
  author={Kalyanasundaram, Bala and Schintger, Georg},
  journal={SIAM Journal on Discrete Mathematics},
  volume={5},
  number={4},
  pages={545--557},
  year={1992},
  publisher={SIAM}
}
@article{sarma2012distributed,
  title={Distributed verification and hardness of distributed approximation},
  author={Sarma, Atish Das and Holzer, Stephan and Kor, Liah and Korman, Amos and Nanongkai, Danupon and Pandurangan, Gopal and Peleg, David and Wattenhofer, Roger},
  journal={SIAM Journal on Computing},
  volume={41},
  number={5},
  pages={1235--1265},
  year={2012},
  publisher={SIAM}
}
@article{haastad1999clique,
  title={Clique is hard to approximate withinn 1- $\varepsilon$},
  author={H{\aa}stad, Johan},
  journal={Acta Mathematica},
  volume={182},
  number={1},
  pages={105--142},
  year={1999},
  publisher={Springer}
}
@article{luby1986simple,
  title={A simple parallel algorithm for the maximal independent set problem},
  author={Luby, Michael},
  journal={SIAM journal on computing},
  volume={15},
  number={4},
  pages={1036--1053},
  year={1986},
  publisher={SIAM}
}
@article{kuhn2010local,
  title={Local computation: Lower and upper bounds},
  author={Kuhn, Fabian and Moscibroda, Thomas and Wattenhofer, Roger},
  journal={arXiv preprint arXiv:1011.5470},
  year={2010}
}

