@article{kawarabayashi2019improved,
  title={Improved Distributed Approximation to Maximum Independent Set},
  author={Kawarabayashi, Ken-ichi and Khoury, Seri and Schild, Aaron and Schwartzman, Gregory},
  journal={arXiv preprint arXiv:1906.11524},
  year={2019}
}
@article{efron2020beyond,
  title={Beyond Alice and Bob: Improved Inapproximability for Maximum Independent Set in CONGEST},
  author={Efron, Yuval and Grossman, Ofer and Khoury, Seri},
  journal={arXiv preprint arXiv:2003.07427},
  year={2020}
}