@article{kawarabayashi2019improved,
  title={Improved Distributed Approximation to Maximum Independent Set},
  author={Kawarabayashi, Ken-ichi and Khoury, Seri and Schild, Aaron and Schwartzman, Gregory},
  journal={arXiv preprint arXiv:1906.11524},
  year={2019}
}
@article{efron2020beyond,
  title={Beyond Alice and Bob: Improved Inapproximability for Maximum Independent Set in CONGEST},
  author={Efron, Yuval and Grossman, Ofer and Khoury, Seri},
  journal={arXiv preprint arXiv:2003.07427},
  year={2020}
}
@article{censor2017quadratic,
  title={Quadratic and near-quadratic lower bounds for the CONGEST model},
  author={Censor-Hillel, Keren and Khoury, Seri and Paz, Ami},
  journal={arXiv preprint arXiv:1705.05646},
  year={2017}
}
@inproceedings{fischer2018possibilities,
  title={Possibilities and impossibilities for distributed subgraph detection},
  author={Fischer, Orr and Gonen, Tzlil and Kuhn, Fabian and Oshman, Rotem},
  booktitle={Proceedings of the 30th on Symposium on Parallelism in Algorithms and Architectures},
  pages={153--162},
  year={2018}
}
@article{czumaj2020detecting,
  title={Detecting cliques in CONGEST networks},
  author={Czumaj, Artur and Konrad, Christian},
  journal={Distributed Computing},
  volume={33},
  number={6},
  pages={533--543},
  year={2020},
  publisher={Springer}
}
@article{kalyanasundaram1992probabilistic,
  title={The probabilistic communication complexity of set intersection},
  author={Kalyanasundaram, Bala and Schintger, Georg},
  journal={SIAM Journal on Discrete Mathematics},
  volume={5},
  number={4},
  pages={545--557},
  year={1992},
  publisher={SIAM}
}
@article{sarma2012distributed,
  title={Distributed verification and hardness of distributed approximation},
  author={Sarma, Atish Das and Holzer, Stephan and Kor, Liah and Korman, Amos and Nanongkai, Danupon and Pandurangan, Gopal and Peleg, David and Wattenhofer, Roger},
  journal={SIAM Journal on Computing},
  volume={41},
  number={5},
  pages={1235--1265},
  year={2012},
  publisher={SIAM}
}
@article{haastad1999clique,
  title={Clique is hard to approximate withinn 1- $\varepsilon$},
  author={H{\aa}stad, Johan},
  journal={Acta Mathematica},
  volume={182},
  number={1},
  pages={105--142},
  year={1999},
  publisher={Springer}
}
@article{luby1986simple,
  title={A simple parallel algorithm for the maximal independent set problem},
  author={Luby, Michael},
  journal={SIAM journal on computing},
  volume={15},
  number={4},
  pages={1036--1053},
  year={1986},
  publisher={SIAM}
}
@inproceedings{rozhovn2020polylogarithmic,
  title={Polylogarithmic-time deterministic network decomposition and distributed derandomization},
  author={Rozho{\v{n}}, V{\'a}clav and Ghaffari, Mohsen},
  booktitle={Proceedings of the 52nd Annual ACM SIGACT Symposium on Theory of Computing},
  pages={350--363},
  year={2020}
}
@inproceedings{balliu2019lower,
  title={Lower bounds for maximal matchings and maximal independent sets},
  author={Balliu, Alkida and Brandt, Sebastian and Hirvonen, Juho and Olivetti, Dennis and Rabie, Mika{\"e}l and Suomela, Jukka},
  booktitle={2019 IEEE 60th Annual Symposium on Foundations of Computer Science (FOCS)},
  pages={481--497},
  year={2019},
  organization={IEEE}
}
@incollection{bollobas1991generalised,
  title={On generalised minimal domination parameters for paths},
  author={Bollob{\'a}s, B{\'e}la and Cockayne, Ernest J and Mynhardt, Christina M},
  booktitle={Annals of Discrete Mathematics},
  volume={48},
  pages={89--97},
  year={1991},
  publisher={Elsevier}
}
@inproceedings{frischknecht2012networks,
  title={Networks cannot compute their diameter in sublinear time},
  author={Frischknecht, Silvio and Holzer, Stephan and Wattenhofer, Roger},
  booktitle={Proceedings of the twenty-third annual ACM-SIAM symposium on Discrete Algorithms},
  pages={1150--1162},
  year={2012},
  organization={SIAM}
}
@inproceedings{bacrach2019hardness,
  title={Hardness of distributed optimization},
  author={Bacrach, Nir and Censor-Hillel, Keren and Dory, Michal and Efron, Yuval and Leitersdorf, Dean and Paz, Ami},
  booktitle={Proceedings of the 2019 ACM Symposium on Principles of Distributed Computing},
  pages={238--247},
  year={2019}
}
@article{turau2007linear,
  title={Linear self-stabilizing algorithms for the independent and dominating set problems using an unfair distributed scheduler},
  author={Turau, Volker},
  journal={Information Processing Letters},
  volume={103},
  number={3},
  pages={88--93},
  year={2007},
  publisher={Elsevier}
}
@article{tanaka2019self,
  title={A Self-stabilizing 1-Maximal Independent Set Algorithm},
  author={Hideyuki Tanaka and Yuichi Sudo and Hirotsugu Kakugawa and Toshimitsu Masuzawa},
  journal={Information Processing},
  year={2020}
}

