@article{haastad1999clique,
  title={Clique is hard to approximate withinn 1- $\varepsilon$},
  author={H{\aa}stad, Johan},
  journal={Acta Mathematica},
  volume={182},
  number={1},
  pages={105--142},
  year={1999},
  publisher={Springer}
}
@article{kawarabayashi2019improved,
  title={Improved Distributed Approximation to Maximum Independent Set},
  author={Kawarabayashi, Ken-ichi and Khoury, Seri and Schild, Aaron and Schwartzman, Gregory},
  journal={arXiv preprint arXiv:1906.11524},
  year={2019}
}
@article{censor2017quadratic,
  title={Quadratic and near-quadratic lower bounds for the CONGEST model},
  author={Censor-Hillel, Keren and Khoury, Seri and Paz, Ami},
  journal={arXiv preprint arXiv:1705.05646},
  year={2017}
}
@article{efron2020beyond,
  title={Beyond Alice and Bob: Improved Inapproximability for Maximum Independent Set in CONGEST},
  author={Efron, Yuval and Grossman, Ofer and Khoury, Seri},
  journal={arXiv preprint arXiv:2003.07427},
  year={2020}
}
@incollection{bollobas1991generalised,
  title={On generalised minimal domination parameters for paths},
  author={Bollob{\'a}s, B{\'e}la and Cockayne, Ernest J and Mynhardt, Christina M},
  booktitle={Annals of Discrete Mathematics},
  volume={48},
  pages={89--97},
  year={1991},
  publisher={Elsevier}
}
@article{kalyanasundaram1992probabilistic,
  title={The probabilistic communication complexity of set intersection},
  author={Kalyanasundaram, Bala and Schintger, Georg},
  journal={SIAM Journal on Discrete Mathematics},
  volume={5},
  number={4},
  pages={545--557},
  year={1992},
  publisher={SIAM}
}
